@article{avigad,
  title={A formal system for Euclid’s Elements},
  author={Avigad, Jeremy and Dean, Edward and Mumma, John},
  journal={The Review of Symbolic Logic},
  volume={2},
  number={04},
  pages={700--768},
  year={2009},
  publisher={Cambridge Univ Press}
}

@inproceedings{locales,
  title={Interpretation of locales in Isabelle: Theories and proof contexts},
  author={Ballarin, Clemens},
  booktitle={Mathematical Knowledge Management},
  pages={31--43},
  year={2006},
  organization={Springer}
}

@article{buchberger,
  title={Bruno Buchberger’s PhD thesis 1965: An algorithm for finding the basis elements of the residue class ring of a zero dimensional polynomial ideal},
  author={Buchberger, Bruno},
  journal={Journal of symbolic computation},
  volume={41},
  number={3},
  pages={475--511},
  year={2006},
  publisher={Elsevier}
}

@incollection{hilbert-coq,
  title={Higher-order intuitionistic formalization and proofs in Hilbert’s elementary geometry},
  author={Dehlinger, Christophe and Dufourd, Jean-Fran{\c{c}}ois and Schreck, Pascal},
  booktitle={Automated Deduction in Geometry},
  pages={306--323},
  year={2001},
  publisher={Springer}
}

@incollection{grassman,
  title={A formalization of grassmann-cayley algebra in COQ and its application to theorem proving in projective geometry},
  author={Fuchs, Laurent and Th{\'e}ry, Laurent},
  booktitle={Automated Deduction in Geometry},
  pages={51--67},
  year={2011},
  publisher={Springer}
}

@incollection{wucoq,
  title={Formalization of Wu’s simple method in Coq},
  author={G{\'e}nevaux, Jean-David and Narboux, Julien and Schreck, Pascal},
  booktitle={Certified Programs and Proofs},
  pages={71--86},
  year={2011},
  publisher={Springer}
}

@incollection{grobnercoq,
  title={Proof certificates for algebra and their application to automatic geometry theorem proving},
  author={Gr{\'e}goire, Benjamin and Pottier, Lo{\"\i}c and Th{\'e}ry, Laurent},
  booktitle={Automated Deduction in Geometry},
  pages={42--59},
  year={2011},
  publisher={Springer}
}

@article{guilhot,
  title={Formalisation en Coq et visualisation d'un cours de g{\'e}om{\'e}trie pour le lyc{\'e}e.},
  author={Guilhot, Fr{\'e}d{\'e}rique},
  journal={Technique et Science informatiques},
  volume={24},
  number={9},
  pages={1113--1138},
  year={2005}
}

@incollection{wlog,
  title={Without loss of generality},
  author={Harrison, John},
  booktitle={Theorem Proving in Higher Order Logics},
  pages={43--59},
  year={2009},
  publisher={Springer}
}

@book{hilbert,
  title={Grundlagen der geometrie},
  author={Hilbert, David},
  year={2013},
  publisher={Springer-Verlag}
}

@inproceedings{isabelle-quotient,
  title={Quotients revisited for Isabelle/HOL},
  author={Kaliszyk, Cezary and Urban, Christian},
  booktitle={Proceedings of the 2011 ACM Symposium on Applied Computing},
  pages={1639--1644},
  year={2011},
  organization={ACM}
}

@article{kapur,
  title={Using Gr{\"o}bner bases to reason about geometry problems},
  author={Kapur, Deepak},
  journal={Journal of Symbolic Computation},
  volume={2},
  number={4},
  pages={399--408},
  year={1986},
  publisher={Elsevier}
}

@incollection{projective-coq1,
  title={Formalizing projective plane geometry in Coq},
  author={Magaud, Nicolas and Narboux, Julien and Schreck, Pascal},
  booktitle={Automated Deduction in Geometry},
  pages={141--162},
  year={2011},
  publisher={Springer}
}

@article{projective-coq2,
  title={A case study in formalizing projective geometry in Coq: Desargues theorem},
  author={Magaud, Nicolas and Narboux, Julien and Schreck, Pascal},
  journal={Computational Geometry},
  volume={45},
  number={8},
  pages={406--424},
  year={2012},
  publisher={Elsevier}
}

@article{thedu,
  title={Formalization and implementation of algebraic methods in geometry},
  author={Mari{\'c}, Filip and Petrovi{\'c}, Ivan and Petrovi{\'c}, Danijela and Jani{\v{c}}i{\'c}, Predrag},
  journal={arXiv preprint arXiv:1202.4831},
  year={2012}
}

@incollection{hilbert-isabelle,
  title={Formalizing Hilbert’s grundlagen in isabelle/isar},
  author={Meikle, Laura I and Fleuriot, Jacques D},
  booktitle={Theorem proving in higher order logics},
  pages={319--334},
  year={2003},
  publisher={Springer}
}

@incollection{narboux,
  title={Mechanical theorem proving in Tarski’s geometry},
  author={Narboux, Julien},
  booktitle={Automated Deduction in Geometry},
  pages={139--156},
  year={2007},
  publisher={Springer}
}

@book{Isabelle,
  title={Isabelle/HOL: a proof assistant for higher-order logic},
  author={Nipkow, Tobias and Paulson, Lawrence C and Wenzel, Markus},
  volume={2283},
  year={2002},
  publisher={Springer Science \& Business Media}
}

@incollection{coqly,
  title={A coq-based library for interactive and automated theorem proving in plane geometry},
  author={Pham, Tuan-Minh and Bertot, Yves and Narboux, Julien},
  booktitle={Computational Science and Its Applications-ICCSA 2011},
  pages={368--383},
  year={2011},
  publisher={Springer}
}

@article{grobner_coq,
  title={Connecting Gr$\backslash$" obner Bases Programs with Coq to do Proofs in Algebra, Geometry and Arithmetics},
  author={Pottier, Loic},
  journal={arXiv preprint arXiv:1007.3615},
  year={2010}
}

@misc{william,
  title={A minimal version of Hilbert’s axioms for plane geometry},
  author={Richter, William},
  publisher={Citeseer}
}

@book{tarski,
  title={Metamathematische methoden in der geometrie},
  author={Schwabh{\"a}user, Wolfram and Szmielew, Wanda and Tarski, Alfred},
  year={2013},
  publisher={Springer-Verlag}
}

@article{wu,
  title={On the decision problem and the mechanization of theorem-proving in elementary geometry},
  author={Wu, Wen-ts{\"u}n},
  journal={Scientia Sinica},
  volume={21},
  number={2},
  pages={159--172},
  year={1978}
}



